@book{constable:1986,
 author = {Constable, R. L. and Allen, S. F. and Bromley, H. M. and Cleaveland, W. R. and Cremer, J. F. and Harper, R. W. and Howe, D. J. and Knoblock, T. B. and Mendler, N. P. and Panangaden, P. and Sasaki, J. T. and Smith, S. F.},
 title = {Implementing Mathematics with the Nuprl Proof Development System},
 year = {1986},
 isbn = {0-13-451832-2},
 publisher = {Prentice-Hall, Inc.},
 address = {Upper Saddle River, NJ, USA},
}


